@inproceedings{mosbench,
author = {Boyd-wickizer, Silas and Clements, Austin T and Mao, Yandong and
Pesterev, Aleksey and Kaashoek, M Frans and Morris, Robert and Zeldovich,
Nickolai},
 booktitle = {Proceedings of the 9th USENIX Symposium on Operating Systems
     Design and Implementation},
series = {OSDI'10},
 year = {2010},
 month = {October},
title = {An Analysis of {Linux} Scalability to Many Cores},
location = {Vancouver, BC, Canada},
}

@inproceedings{dean2009designs,
  title={Keynote talk: Designs, lessons and advice from building large
      distributed systems},
  author={Dean, Jeff},
  booktitle={3rd ACM SIGOPS International
      Workshop on Large Scale Distributed Systems and Middleware,
      Big Sky, Montana},
  year={2009}
}

@inproceedings{peyton2001composing,
  title={Composing contracts: an adventure in financial engineering},
  author={Peyton Jones, S.L.},
  booktitle={Proceedings of the International Symposium of Formal Methods Europe on Formal Methods for Increasing Software Productivity},
  pages={435},
  year={2001},
  organization={Springer-Verlag}
}


######################## low latency ################
@article{Thekkath1993,
    author = {Thekkath, Chandramohan a. and Levy, Henry M.},
    issn = {07342071},
    journal = {ACM Transactions on Computer Systems},
    month = may,
    number = {2},
    pages = {179--203},
    title = {{Limits to low-latency communication on high-speed networks}},
    url = {http://portal.acm.org/citation.cfm?doid=151244.151247},
    volume = {11},
    year = {1993}
}

@inproceedings{Welsh1996,
    author = {Welsh, Matt. and Basu, Anindya. and {Von Eicken}, Thorsten.},
    booktitle = {Euro-Par'96 Parallel Processing},
    pages = {185--194},
    publisher = {Springer},
    title = {{Low-latency communication over Fast Ethernet}},
    url = {http://www.springerlink.com/index/P8V685374XR25158.pdf},
    year = {1996}
}

@article{Pratt2001,
    author = {Pratt, I. and Fraser, K.},
    isbn = {0-7803-7016-3},
    journal = {Proceedings IEEE INFOCOM 2001. Conference on Computer
    Communications. Twentieth Annual Joint Conference of the IEEE Computer
    and Communications Society},
    pages = {67--76},
    publisher = {Ieee},
    title = {{Arsenic: a user-accessible gigabit Ethernet interface}},
    url = {http://ieeexplore.ieee.org/lpdocs/epic03/wrapper.htm?arnumber=916688},
    volume = {1},
    year = {2001}
}

@article{Feng2003,
    author = {Feng, Wu-chun and Hurwitz, JG and Newman, Harvey and Ravot,
        Sylvain},
    isbn = {1581136951},
    journal = {Proceedings of the ACM/IEEE conference on Supercomputing},
    title = {{Optimizing 10-Gigabit Ethernet for networks of workstations,
            clusters, and grids: A case study}},
    url = {http://dl.acm.org/citation.cfm?id=1050200},
    year = {2003}
}

@article{larsen2009,
    title={Architectural breakdown of end-to-end latency in a TCP/IP network},
    author={Larsen, S. and Sarangam, P. and Huggahalli, R. and Kulkarni, S.},
    journal={International Journal of Parallel Programming},
    volume={37},
    number={6},
    pages={556--571},
    year={2009},
    publisher={Springer}
}

@article{Schroeder1989,
    author = {Schroeder, M. and Burrows, M.},
    issn = {01635980},
    journal = {ACM SIGOPS Operating Systems Review},
    month = nov,
    number = {5},
    pages = {83--90},
    title = {{Performance of Firefly RPC}},
    url = {http://portal.acm.org/citation.cfm?doid=74851.74859},
    volume = {23},
    year = {1989}
}

@article{Ousterhout2009,
    author = {Ousterhout, John and Agrawal, Parag and Erickson, David},
    journal = {ACM SIGOPS Operating Systems Review},
    number = {4},
    pages = {92--105},
    title = {{The case for RAMClouds: scalable high-performance storage entirely in DRAM}},
    url = {http://dl.acm.org/citation.cfm?id=1713276},
    volume = {43},
    year = {2009}
}

@phdthesis{Kaufmann2012,
author = {Kaufmann, Antoine},
booktitle = {Evaluation},
number = {36b},
school = {ETH Zurich},
title = {{Low-latency OS protocol stack analysis}},
type = {Bachelor's Thesis},
year = {2012}
}

@inproceedings{feng2005,
  title={Performance characterization of a 10-Gigabit Ethernet TOE},
  author={Feng, W. and Balaji, P. and Baron, C. and Bhuyan, L.N. and Panda, D.K.},
  booktitle={The 7th IEEE International Conference on Cluster Computing
        (CLUSTER'05), Boston, MA, September 2005},
  pages={58--63},
  year={Septermber 2005},
  organization={IEEE}
}


#######################################################


#######################################################
@inproceedings{barrelfish,
 author = {Baumann, Andrew and Barham, Paul and Dagand,
 Pierre-Evariste and Harris, Tim and Isaacs, Rebecca and Peter,
 Simon and Roscoe, Timothy and Sch\"{u}pbach, Adrian and Singhania,
 Akhilesh},
 title = {The multikernel: a new OS architecture for scalable multicore
 systems},
 booktitle = {Proceedings of the 22nd Symposium on Operating
 Systems Principles},
 series = {SOSP '09},
 year = {2009},
 isbn = {978-1-60558-752-3},
 location = {Big Sky, Montana, USA},
 pages = {29--44},
 numpages = {16},
 url = {http://doi.acm.org/10.1145/1629575.1629579},
 doi = {http://doi.acm.org/10.1145/1629575.1629579},
 acmid = {1629579},
 publisher = {ACM},
 address = {New York, NY, USA},
 keywords = {message passing, multicore processors, scalability},
}

@article{Ganger2002,
 author = {Ganger, Gregory R. and Engler, Dawson R. and Kaashoek,
 M. Frans and Brice\~{n}o, Hector M. and Hunt, Russell and Pinckney,
 Thomas},
 title = {Fast and flexible application-level networking on
 exokernel systems},
 journal = {ACM Transactions on Computer Systems (TOCS)},
 volume = {20},
 issue = {1},
 month = {February},
 year = {2002},
 issn = {0734-2071},
 pages = {49--83},
 numpages = {35},
 url = {http://doi.acm.org/10.1145/505452.505455},
 doi = {http://doi.acm.org/10.1145/505452.505455},
 acmid = {505455},
 publisher = {ACM},
 address = {New York, NY, USA},
 keywords = {Extensible systems, OS structure, fast servers,
 network services},
}

@inproceedings{DeBruijn2006,
  title={Safecard: a gigabit ips on the network card},
  author={De Bruijn, W. and Slowinska, A. and Van Reeuwijk,
   K. and Hruby, T. and Xu, L. and Bos, H.},
  booktitle={Recent Advances in Intrusion Detection},
  series = {RAID '06},
  location = {Hamburg, Germany},
  pages={311--330},
  year={2006},
  organization={Springer}
}


@inproceedings{Nottingham2010,
 author = {Nottingham, Alastair and Irwin, Barry},
 title = {Parallel packet classification using GPU co-processors},
 booktitle = {Proceedings of the 2010 annual research conference
 of the South African Institute of Computer Scientists and
 Information Technologists},
 series = {SAICSIT '10},
 year = {2010},
 isbn = {978-1-60558-950-3},
 location = {Bela Bela, South Africa},
 pages = {231--241},
 numpages = {11},
 url = {http://doi.acm.org/10.1145/1899503.1899529},
 doi = {http://doi.acm.org/10.1145/1899503.1899529},
 acmid = {1899529},
 publisher = {ACM},
 address = {New York, NY, USA},
 keywords = {CUDA, GP-GPU, PCAP, general packet filter, network telescope},
}


@inproceedings{VanderWijngaart,
 author = {van der Wijngaart, Rob F. and Mattson, Timothy G. and Haas,
   Werner},
 title = {Light-weight communications on Intel's single-chip cloud
   computer processor},
 journal = {ACM SIGOPS Operating Systems Review},
 issue_date = {January 2011},
 volume = {45},
 issue = {1},
 month = {February},
 year = {2011},
 issn = {0163-5980},
 pages = {73--83},
 numpages = {11},
 url = {http://doi.acm.org/10.1145/1945023.1945033},
 doi = {http://doi.acm.org/10.1145/1945023.1945033},
 acmid = {1945033},
 publisher = {ACM},
 address = {New York, NY, USA},
 keywords = {many-core chips, message passing libraries, network
 protocols for on-die networks},
}


@Misc{openonload,
  author = {Solarflare},
  title = {OpenOnLoad: high performance network stack},
  year = 2008,
  howpublished ="\url{http://www.openonload.org/}"
}


@Misc{netpipe,
  publisher = {Scalable Computing Laborator, Iowa state University},
  title = {NetPIPE: A Network Protocol Independent Performance Evaluator},
  howpublished ="\url{http://www.scl.ameslab.gov/netpipe/}"
}

@Misc{lwip1,
  publisher = {Swedish Institute of Computer Science},
  title = {LWIP: LightWeight TCP/IP stack},
  howpublished ="\url{http://savannah.nongnu.org/projects/lwip}"
}


@inproceedings{klein2009sel4,
  title={seL4: Formal verification of an OS kernel},
  author={Klein, G. and Elphinstone, K. and Heiser, G. and Andronick, J.
        and Cock, D. and Derrin, P. and Elkaduwe, D. and Engelhardt, K.
        and Kolanski, R. and Norrish, M. and others},
  booktitle={Proceedings of the ACM SIGOPS 22nd symposium on Operating
        systems principles},
  pages={207--220},
  year={2009},
  organization={ACM}
}


@article{herder2006minix,
  title={MINIX 3: A highly reliable, self-repairing operating system},
  author={Herder, J.N. and Bos, H. and Gras, B. and Homburg,
            P. and Tanenbaum, A.S.},
  journal={ACM SIGOPS Operating Systems Review},
  volume={40},
  number={3},
  pages={80--89},
  year={2006},
  publisher={ACM}
}

@inproceedings{engler1995exokernel,
  title={Exokernel: An operating system architecture for
        application-level resource management},
  author={Engler, D.R. and Kaashoek, M.F. and others},
  booktitle={ACM SIGOPS Operating Systems Review},
  volume={29},
  number={5},
  pages={251--266},
  year={1995},
  organization={ACM}
}

@Misc{hpcMarket,
    author = {Steve Conway},
    title = {Status of the worldwide HPC interconnect market},
    howpublished ="\url{http://www.hpcadvisorycouncil.com/pdf/vendor_content/IDC_slides_111019.pdf}",
    month = {October},
    year = 2011,
}

@article{regnier2004tcp,
  title={TCP onloading for data center servers},
  author={Regnier, G. and Makineni, S. and Illikkal, I. and Iyer,
        R. and Minturn, D. and Huggahalli, R. and Newell,
        D. and Cline, L. and Foong, A.},
  journal={Computer},
  volume={37},
  number={11},
  pages={48--58},
  year={2004},
  publisher={IEEE}
}



@inproceedings{willmann2006,
  title={An evaluation of network stack parallelization
  strategies in modern operating systems},
  author={Willmann, P. and Rixner, S. and Cox, A.L.},
  booktitle={Proceedings of the annual conference on USENIX},
  series = {USENIX '06},
  volume={6},
  location = {Boston, MA, USA},
  pages={91--96},
  year={2006}
}


@inproceedings{Dobrescu2009,
 author = {Dobrescu, Mihai and Egi, Norbert and Argyraki,
 Katerina and Chun, Byung-Gon and Fall, Kevin and Iannaccone,
 Gianluca and Knies, Allan and Manesh, Maziar and Ratnasamy, Sylvia},
 title = {RouteBricks: exploiting parallelism to scale software routers},
 booktitle = {Proceedings of the 22nd Symposium on
 Operating Systems Principles},
 series = {SOSP '09},
 year = {2009},
 isbn = {978-1-60558-752-3},
 location = {Big Sky, Montana, USA},
 pages = {15--28},
 numpages = {14},
 url = {http://doi.acm.org/10.1145/1629575.1629578},
 doi = {http://doi.acm.org/10.1145/1629575.1629578},
 acmid = {1629578},
 publisher = {ACM},
 address = {New York, NY, USA},
 keywords = {multicore, parallelism, programmability, software router},
}

@inproceedings{Schupbach2011,
 author = {Sch\"{u}pbach, Adrian and Baumann, Andrew and Roscoe,
 Timothy and Peter, Simon},
 title = {A declarative language approach to device configuration},
 booktitle = {Proceedings of the 16th international conference on
 Architectural Support for Programming Languages and Operating Systems},
 series = {ASPLOS '11},
 year = {2011},
 isbn = {978-1-4503-0266-1},
 location = {Newport Beach, California, USA},
 pages = {119--132},
 numpages = {14},
 url = {http://doi.acm.org/10.1145/1950365.1950382},
 doi = {http://doi.acm.org/10.1145/1950365.1950382},
 acmid = {1950382},
 publisher = {ACM},
 address = {New York, NY, USA},
 keywords = {constraint logic programming, eclipse clp,
   hardware programming, pci configuration},
}


@Misc{barrelfish:web,
    title = {The Barrelfish Operating System},
    organization = {Systems@ETH Zurich},
    year = {2009},
    howpublished = "\url{http://www.barrelfish.org/}"
}

@Misc{linux:toe,
    title = {TCP Offload Engine (TOE)},
    organization = {The Linux Foundation},
    year = {2009},
    howpublished =
"\url{http://www.linuxfoundation.org/collaborate/workgroups/networking/toe}"
}

@inproceedings{Druschel1993,
 author = {Druschel, Peter and Peterson, Larry L.},
 title = {Fbufs: a high-bandwidth cross-domain transfer facility},
 booktitle = {Proceedings of the 14th Symposium on
        Operating Systems Principles},
 series = {SOSP '93},
 year = {1993},
 isbn = {0-89791-632-8},
 location = {Asheville, North Carolina, United States},
 pages = {189--202},
 numpages = {14},
 url = {http://doi.acm.org/10.1145/168619.168634},
 doi = {http://doi.acm.org/10.1145/168619.168634},
 acmid = {168634},
 publisher = {ACM},
 address = {New York, NY, USA},
}


@Article{Hutchinson1991,
author = {Hutchinson, N.C. and Peterson, L.L.},
doi = {10.1109/32.67579},
issn = {00985589},
journal = {IEEE Transactions on Software Engineering},
number = {1},
pages = {64--76},
title = {{The x-Kernel: an architecture for implementing network protocols}},
url ={http://ieeexplore.ieee.org/lpdocs/epic03/wrapper.htm?arnumber=67579},
volume = {17},
year = {1991}
}


@inproceedings{Kim:handoff:osdi06,
 author = {Kim, Hyong-youb and Rixner, Scott},
 title ={Connection handoff policies for TCP offload network interfaces},
 booktitle = {Proceedings of the 7th Symposium on Operating Systems
 Design and Implementation},
 series = {OSDI '06},
 year = {2006},
 isbn = {1-931971-47-1},
 location = {Seattle, Washington},
 pages = {293--306},
 numpages = {14},
 url = {http://dl.acm.org/citation.cfm?id=1298455.1298483},
 acmid = {1298483},
 publisher = {USENIX Association},
 address = {Berkeley, CA, USA},
}


@article{Kohler2000a,
 author ={Kohler, Eddie and Morris, Robert and Chen, Benjie and Jannotti,
 John and Kaashoek, M. Frans},
 title = {The Click modular router},
 journal = {ACM Transactions on Computer Systems (TOCS)},
 volume = {18},
 issue = {3},
 month = {August},
 year = {2000},
 issn = {0734-2071},
 pages = {263--297},
 numpages = {35},
 url = {http://doi.acm.org/10.1145/354871.354874},
 doi = {http://doi.acm.org/10.1145/354871.354874},
 acmid = {354874},
 publisher = {ACM},
 address = {New York, NY, USA},
 keywords = {component systems, routers, software router performance},
}


@inproceedings{Mosberger1996a,
 author = {Mosberger, David and Peterson, Larry L.},
 title = {Making paths explicit in the Scout operating system},
 booktitle = {Proceedings of the 2nd Symposium on Operating
 Systems Design and Implementation},
 series = {OSDI '96},
 year = {1996},
 isbn = {1-880446-82-0},
 location = {Seattle, Washington, United States},
 pages = {153--167},
 numpages = {15},
 url = {http://doi.acm.org/10.1145/238721.238771},
 doi = {http://doi.acm.org/10.1145/238721.238771},
 acmid = {238771},
 publisher = {ACM},
 address = {New York, NY, USA},
}


@Article{OMalley1992,
 author = {O'Malley, Sean W. and Peterson, Larry L.},
 title = {A dynamic network architecture},
 journal = {ACM Transactions on Computer Systems (TOCS)},
 volume = {10},
 issue = {2},
 month = {May},
 year = {1992},
 issn = {0734-2071},
 pages = {110--143},
 numpages = {34},
 url = {http://doi.acm.org/10.1145/128899.128901},
 doi = {http://doi.acm.org/10.1145/128899.128901},
 acmid = {128901},
 publisher = {ACM},
 address = {New York, NY, USA},
 keywords = {composibility, dynamic configuration, reuse},
}


@inproceedings{Han2010,
 author = {Han, Sangjin and Jang, Keon and Park, KyoungSoo and Moon, Sue},
 title = {PacketShader: a GPU-accelerated software router},
 booktitle = {Proceedings of the ACM SIGCOMM 2010 conference on SIGCOMM},
 series = {SIGCOMM '10},
 year = {2010},
 isbn = {978-1-4503-0201-2},
 location = {New Delhi, India},
 pages = {195--206},
 numpages = {12},
 url = {http://doi.acm.org/10.1145/1851182.1851207},
 doi = {http://doi.acm.org/10.1145/1851182.1851207},
 acmid = {1851207},
 publisher = {ACM},
 address = {New York, NY, USA},
 keywords = {CUDA, GPU, software router},
}


@inproceedings{black1997protocol,
  title={Protocol implementation in a vertically structured operating
    system},
  journal = {Conference on Local Computer Networks (LCN)},
  author={Black, R. and Barham, P. and Donnelly, A. and Stratford, N.},
  booktitle={Proceedings of the 22nd conference on Local
    Computer Networks},
  series = {LCN '97},
  pages={179--188},
  year={1997},
  address = {Minneapolis, Minnesota, USA},
  publisher = {IEE Computer Society},
}

@book{ramakrishnan2002,
    author = {Ramakrishnan, Raghu and Gehrke, Johannes and Ramakrishnan,
      Raghu and Gehrke, Johannes},
    day = {14},
    edition = {3},
    howpublished = {Hardcover},
    isbn = {0072465638},
    keywords = {book, dbms},
    month = aug,
    publisher = {McGraw-Hill Science/Engineering/Math},
    title = {{Database Management Systems}},
    url = {http://www.worldcat.org/isbn/0072465638},
    year = {2002}
}


@inproceedings{rumble2011s,
  title={It's Time for Low Latency},
  author={Rumble, S.M. and Ongaro, D. and Stutsman, R. and Rosenblum,
  M. and Ousterhout, J.K.},
  booktitle={Proceedings of the 13th conference on Hot Topics
  in Operating Systems-Volume 13},
  pages={11},
  year={2011},
  organization={USENIX Association}
}

@inproceedings{Mogul2003,
  author={Mogul, J.C.},
  title={TCP offload is a dumb idea whose time has come},
  booktitle={Proceedings of the 9th conference on Hot Topics in
  Operating Systems-Volume 9},
  pages={5},
  year={2003},
  organization={USENIX Association}
}


@inproceedings{Barroso:2011:WCE,
 author = {Barroso, Luiz Andre},
 title = {Talk: Warehouse-Scale Computing: Entering the Teenage Decade},
 booktitle = {Proceedings of the 38th annual International
    Symposium on Computer Architecture},
 series = {ISCA '11},
 year = {2011},
 isbn = {978-1-4503-0472-6},
 location = {San Jose, California, USA},
 url = {http://dl.acm.org/citation.cfm?id=2000064.2019527},
 acmid = {2019527},
 publisher = {ACM},
 address = {New York, NY, USA},
}


@inproceedings{Bos2004,
author = {Bos, Herbert and {De Bruijn}, W. and Cristea, Mihai and Nguyen,
    Trung and Portokalidis, Georgios},
booktitle = {Proceedings of the 6th conference on Symposium on Opearting
    Systems Design \& Implementation-Volume 6},
pages = {24--24},
publisher = {USENIX Association},
title = {{Ffpf: Fairly fast packet filters}},
year = {2004}
}

@inproceedings{de2008beltway,
  author={{De Bruijn}, W. and Bos, Herbert},
  title={Beltway buffers: Avoiding the os traffic jam},
  series = {INFOCOM 2008},
  booktitle={Proceedings of the 27th Conference on Computer Communications},
  publisher = {IEEE},
  pages={136--140},
  year={2008},
  organization={IEEE}
}


#####################################################################


@inproceedings{Nottingham2010,
author = {Nottingham, Alastair and Irwin, Barry},
booktitle = {Proceedings of the 2010 Annual Research Conference of the South African Institute of Computer Scientists and Information Technologists},
file = {:lhome/pravin/Mendeley/Parallel packet classification using GPU co-processors.pdf:pdf},
pages = {231--241},
publisher = {ACM},
title = {{Parallel packet classification using GPU co-processors}},
url = {http://portal.acm.org/citation.cfm?id=1899529},
year = {2010}
}

@inproceedings{VanderWijngaart,
author = {{Van der Wijngaart}, R. and Mattson, TG and Haas, Werner},
booktitle = {ACM SIGOPS Operating Systems Review},
pages = {73--83},
publisher = {press},
title = {{Light-weight communications on intel’s single-chip cloud
    computer processor. ACM Operating Systems Review, 2011}},
}


@inproceedings{Dobrescu2009,
author = {Dobrescu, Mihai and Egi, Norbert and Argyraki, Katerina and Chun, B.G. and Fall, Kevin and Iannaccone, Gianluca and Knies, Allan and Manesh, Maziar and Ratnasamy, Sylvia},
booktitle = {ACM SOSP},
file = {:lhome/pravin/Mendeley/Dobrescu et al. - 2009 - RouteBricks Exploiting parallelism to scale software routers(2).pdf:pdf},
keywords = {multicore,parallelism,programmability,software router},
pages = {15--28},
publisher = {Citeseer},
title = {{RouteBricks: Exploiting parallelism to scale software routers}},
url = {http://citeseerx.ist.psu.edu/viewdoc/download?doi=10.1.1.154.7371\&amp;rep=rep1\&amp;type=pdf},
year = {2009}
}


